<record><leader>00000cas a2200000 i 4500</leader><controlfield tag="001">935522386</controlfield><controlfield tag="006">m     o  d        </controlfield><controlfield tag="007">cr c||||||||||</controlfield><controlfield tag="008">160121c20109999txumr n o     0    0eng c</controlfield><datafield ind1=" " ind2=" " tag="010"><subfield code="a">  2016240002</subfield></datafield><datafield ind1=" " ind2=" " tag="040"><subfield code="a">IXA</subfield><subfield code="b">eng</subfield><subfield code="e">rda</subfield><subfield code="e">pn</subfield><subfield code="c">IXA</subfield><subfield code="d">IXA</subfield><subfield code="d">OCLCO</subfield><subfield code="d">OCLCF</subfield><subfield code="d">OCLCO</subfield></datafield><datafield ind1="0" ind2=" " tag="041"><subfield code="a">eng</subfield><subfield code="a">spa</subfield></datafield><datafield ind1=" " ind2=" " tag="042"><subfield code="a">pcc</subfield></datafield><datafield ind1=" " ind2=" " tag="043"><subfield code="a">n-us-tx</subfield><subfield code="a">n-mx---</subfield></datafield><datafield ind1="0" ind2=" " tag="130"><subfield code="a">Voz (Austin, Tex.)</subfield></datafield><datafield ind1="0" ind2="3" tag="245"><subfield code="a">La voz.</subfield></datafield><datafield ind1="1" ind2="8" tag="246"><subfield code="a">Voz newspaper</subfield></datafield><datafield ind1=" " ind2="1" tag="264"><subfield code="a">Austin, Tex. :</subfield><subfield code="b">Alfredo R. Santos,</subfield><subfield code="c">2010-</subfield></datafield><datafield ind1=" " ind2=" " tag="310"><subfield code="a">Monthly</subfield></datafield><datafield ind1=" " ind2=" " tag="336"><subfield code="a">text</subfield><subfield code="b">txt</subfield><subfield code="2">rdacontent</subfield></datafield><datafield ind1=" " ind2=" " tag="337"><subfield code="a">computer</subfield><subfield code="b">c</subfield><subfield code="2">rdamedia</subfield></datafield><datafield ind1=" " ind2=" " tag="338"><subfield code="a">online resource</subfield><subfield code="b">cr</subfield><subfield code="2">rdacarrier</subfield></datafield><datafield ind1="1" ind2=" " tag="362"><subfield code="a">Began with Volume 5, number 7 (July 2010).</subfield></datafield><datafield ind1=" " ind2=" " tag="500"><subfield code="a">Issues for July-Oct. 2010 have, at head of title: "Austin, Buda, Del Valle, Kyle, San Marcos;" issues for: Jan.-July 2012 have, ahead of title: "Austin, Buda, Del Valle, Kyle, New Braunfels, San Marcos, Seguin, Schertz;" issues for Aug. 2012-May 2013 have, at head of title: "Comal County, Hays County, Travis County."</subfield></datafield><datafield ind1=" " ind2=" " tag="520"><subfield code="a">News coverage for Travis and neighboring counties.</subfield></datafield><datafield ind1=" " ind2=" " tag="546"><subfield code="a">English and Spanish.</subfield></datafield><datafield ind1=" " ind2=" " tag="588"><subfield code="a">Description based on: Volume 5, number 7 (July 2010); title from PDF cover (publisher's Web site, viewed Dec. 29, 2015).</subfield></datafield><datafield ind1=" " ind2=" " tag="588"><subfield code="a">Latest issue consulted: Volume 10, number 12 (December 2015) (viewed Dec. 29, 2015).</subfield></datafield><datafield ind1=" " ind2="0" tag="651"><subfield code="a">Austin (Tex.)</subfield><subfield code="v">Newspapers.</subfield></datafield><datafield ind1=" " ind2="0" tag="650"><subfield code="a">Mexican Americans</subfield><subfield code="z">Texas</subfield><subfield code="z">Austin Metropolitan Area</subfield><subfield code="v">Newspapers.</subfield></datafield><datafield ind1=" " ind2="0" tag="650"><subfield code="a">Hispanic Americans</subfield><subfield code="z">Texas</subfield><subfield code="z">Austin Metropolitan Area</subfield><subfield code="v">Newspapers.</subfield></datafield><datafield ind1=" " ind2="0" tag="650"><subfield code="a">Mexican Americans</subfield><subfield code="z">Texas</subfield><subfield code="v">Newspapers.</subfield></datafield><datafield ind1=" " ind2="0" tag="650"><subfield code="a">Hispanic Americans</subfield><subfield code="z">Texas</subfield><subfield code="v">Newspapers.</subfield></datafield><datafield ind1=" " ind2="7" tag="655"><subfield code="a">Newspapers.</subfield><subfield code="2">fast</subfield><subfield code="0">(OCoLC)fst01423814</subfield></datafield><datafield ind1=" " ind2="7" tag="650"><subfield code="a">Hispanic Americans.</subfield><subfield code="2">fast</subfield><subfield code="0">(OCoLC)fst00957523</subfield></datafield><datafield ind1=" " ind2="7" tag="650"><subfield code="a">Mexican Americans.</subfield><subfield code="2">fast</subfield><subfield code="0">(OCoLC)fst01019072</subfield></datafield><datafield ind1=" " ind2="7" tag="651"><subfield code="a">Texas.</subfield><subfield code="2">fast</subfield><subfield code="0">(OCoLC)fst01210336</subfield></datafield><datafield ind1=" " ind2="7" tag="651"><subfield code="a">Texas</subfield><subfield code="z">Austin.</subfield><subfield code="2">fast</subfield><subfield code="0">(OCoLC)fst01204313</subfield></datafield><datafield ind1=" " ind2="7" tag="651"><subfield code="a">Texas</subfield><subfield code="z">Austin Metropolitan Area.</subfield><subfield code="2">fast</subfield><subfield code="0">(OCoLC)fst01350605</subfield></datafield><datafield ind1=" " ind2=" " tag="752"><subfield code="a">United States</subfield><subfield code="b">Texas</subfield><subfield code="c">Travis</subfield><subfield code="d">Austin.</subfield></datafield><datafield ind1="0" ind2="8" tag="776"><subfield code="i">Print version:</subfield><subfield code="t">Voz (Austin, Tex.)</subfield><subfield code="w">(DLC)  2016240001</subfield><subfield code="w">(OCoLC)935522946</subfield></datafield><datafield ind1="0" ind2="0" tag="780"><subfield code="t">Voz de Austin</subfield><subfield code="w">(DLC)  2007240556</subfield><subfield code="w">(OCoLC)173659912</subfield></datafield><datafield ind1="4" ind2="0" tag="856"><subfield code="u">http://www.lavoznewspapers.com/La_Voz_de_Austin.html</subfield></datafield></record>